@String{j-IEEE-CGA              = "IEEE Computer Graphics and Applications"}
@String{j-COMP-GRAPHICS         = "Computer Graphics"}
@String{j-TOG                   = "ACM Transactions on Graphics"}


@Article{Roer:wshed,
  author =       "Jos B.T.M. Roerdink and Arnold Meijster",
  title =        "The Watershed Transform: Definitions, Algorithms and Parallelization Strategies",
  journal =      "Fundamenta Informaticae",
  number =       "41",
  year =         "2001",
  URL =          "http://www.cs.rug.nl/~roe/publications/parwshed.pdf",
  name = "The Watershed Transform",
  volume = "0"
}


@Manual{ref:openGL,
  author =       "Mark Segal, Kurt Akeley, Chris Frazier and Jon Leech",
  title =        "The OpenGL Graphics System: A Specifikation",
  organization = "The OpenGL Architecture Review Board",
  URL =          "http://www.opengl.org/documentation/specs/version1.5/glspec15.pdf",
  edition =      "1.5"
}

@Article{Col-94,
  author = "Gregory Colvin",
  title = "Exception Safe Smart Pointers",
  journal = "C++ committee document 94-168/N0555",
  month = "jul",
  year = "1994"
}

@Article{E&D-94,
  author = "John R. Ellis and David L. Detlefs",
  title = "Safe, Efficient Garbage Collection for C++, Usenix Proceedings",
  journal = "C++ committee document 94-168/N0555",
  month = "feb",
  year = "1994"
}

@Article{Ogawa:bold,
  author = 	 {Seiji Ogawa},
  title = 	 {Oxygenation Sensitive Contrast in Magnetic Resonance Image of Rodent Brain at High Magnetic Fields},
  journal = 	 {Magnetic Resonance Medcine},
  year = 	 {1990},
  OPTkey = 	 {},
  volume = 	 {14},
  OPTpages = 	 {68-78},
}

@Article{vincent,
 author = {Luc Vincent and Pierre Soille},
 title = {Watersheds in Digital Spaces: An Efficient Algorithm Based on Immersion Simulations},
 journal = {IEEE Trans. Pattern Anal. Mach. Intell.},
 volume = {13},
 number = {6},
 year = {1991},
 issn = {0162-8828},
 pages = {583--598},
 url = {http://csdl.computer.org/comp/trans/tp/1991/06/i0583abs.htm},
 publisher = {IEEE Computer Society},
}


@InProceedings{digabel-lantuejoul78,
  author =       "H. Digabel and C. Lantu{\'e}joul",
  title =        "Iterative algorithms",
  editor =       "J.-L. Chermant",
  booktitle =    "Quantitative analysis of microstructures in materials
                 sciences, biology and medicine",
  year =         "1978",
  pages =        "85--99",
  publisher =    "Dr.~Riederer-Verlag GmbH",
  address =      "Stuttgart",
  location =     "Caen",
}

@PhdThesis{lantuejoul78phd,
  author =       "C. Lantu{\'e}joul",
  title =        "La squelettisation et son application aux mesures
                 topologiques des mosa{\"\i}ques polycristallines",
  school =       "Ecole des Mines de Paris",
  year =         "1978",
}

@TechReport{beucher-lantuejoul79a,
  title =        "Sur l'utilisation de la ligne de partage des eaux en
                 d{\'e}tection de contours",
  author =       "S.~Beucher and C.~Lantu{\'e}joul",
  institution =  "Ecole des Mines de Paris",
  year =         "1979",
  number =       "N-598",
  month =        may,
}

@Article{Lorensen:1987:MCH,
  author =       "William E. Lorensen and Harvey E. Cline",
  title =        "Marching Cubes: {A} High Resolution {$3$D} Surface
                 Construction Algorithm",
  journal =      j-COMP-GRAPHICS,
  volume =       "21",
  number =       "4",
  pages =        "163--169",
  month =        jul,
  year =         "1987",
  CODEN =        "CGRADI, CPGPBZ",
  ISSN =         "0097-8930",
  bibdate =      "Tue Mar 12 17:52:38 MST 2002",
  bibsource =    "Graphics/imager/imager.87.bib; http://portal.acm.org/;
                 http://www.acm.org/pubs/toc/",
  URL =          "http://doi.acm.org/10.1145/37401.37422",
  acknowledgement = ack-nhfb,
  conference =   "held in Anaheim, California; 27--31 July 1987",
  keywords =     "algorithms; design; human factors; medical imaging,
                 surface reconstruction; theory",
  subject =      "{\bf J.3} Computer Applications, LIFE AND MEDICAL
                 SCIENCES, Health. {\bf I.4.5} Computing Methodologies,
                 IMAGE PROCESSING AND COMPUTER VISION, Reconstruction.
                 {\bf I.4.9} Computing Methodologies, IMAGE PROCESSING
                 AND COMPUTER VISION, Applications. {\bf I.3.5}
                 Computing Methodologies, COMPUTER GRAPHICS,
                 Computational Geometry and Object Modeling, Geometric
                 algorithms, languages, and systems.",
}


@Article{Levoy:1990:ERT,
  author =       "Marc Levoy",
  title =        "Efficient Ray Tracing of Volume Data",
  journal =      j-TOG,
  volume =       "9",
  number =       "3",
  pages =        "245--261",
  month =        jul,
  year =         "1990",
  CODEN =        "ATGRDF",
  ISSN =         "0730-0301",
  bibdate =      "Fri Jan 5 07:58:42 MST 1996",
  bibsource =    "Graphics/imager/imager.90.bib",
  URL =          "http://doi.acm.org/10.1145/78964.78965",
  acknowledgement = ack-nhfb,
  annote =       "{\em Volume Rendering} is a technique for visualizing
                 sampled scalar or vector fields of three spatial
                 dimensions without fitting geometric primitives to the
                 data. A subset of these techniques generates images by
                 computing 2-D projections of a colored semitransparent
                 volume, where the color and opacity at each point are
                 derived from the data using local operators. Since all
                 voxels participate in the generation of each image,
                 rendering time grows linearly with the size of the
                 dataset. This paper presents a front-to-back
                 image-order volume-rendering algorithm and discusses
                 two techniques for improving its performance. The first
                 technique employs a pyramid of binary volumes to encode
                 spatial coherence present in the data, and the second
                 technique uses an opacity threshold to adaptively
                 terminate ray tracing. Although the actual time saved
                 depends on the data, speedups of an order of magnitude
                 have been observed for datasets of useful size and
                 complexity. Examples from two applications are given:
                 medical imaging and molecular graphics.",
  keywords =     "algorithms; design; hierarchical spatial enumeration;
                 medical imaging; molecular graphics; octree;
                 performance; ray tracing; scientific visualization;
                 volume rendering; volume visualization; voxel",
  subject =      "{\bf I.3.3}: Computing Methodologies, COMPUTER
                 GRAPHICS, Picture/Image Generation, Display algorithms.
                 {\bf I.3.5}: Computing Methodologies, COMPUTER
                 GRAPHICS, Computational Geometry and Object Modeling,
                 Curve, surface, solid, and object representations. {\bf
                 I.3.7}: Computing Methodologies, COMPUTER GRAPHICS,
                 Three-Dimensional Graphics and Realism, Visible
                 line/surface algorithms.",
}

@Article{Levoy:1988:DSV,
  author =       "Marc Levoy",
  title =        "Display of Surfaces From Volume Data",
  journal =      j-IEEE-CGA,
  volume =       "8",
  number =       "3",
  pages =        "29--37",
  month =        may,
  year =         "1988",
  CODEN =        "ICGADZ",
  ISSN =         "0272-1716",
  bibdate =      "Mon Feb 03 18:22:24 1997",
  bibsource =    "Compendex database; Graphics/siggraph/88.bib",
  note =         "See corrigendum
                 \cite{Levoy:2000:LEE,Wittenbrink:2000:LEI}.",
  acknowledgement = ack-nhfb,
  affiliationaddress = "Univ of North Carolina, Chapel Hill, NC, USA",
  classification = "723; 921",
  journalabr =   "IEEE Comput Graphics Appl",
  keywords =     "computer graphics; image processing --- Surfaces;
                 mathematical techniques --- Operators; surface display;
                 Three Dimensional Graphics; volume-rendering
                 technique",
  pagecount =    "3",
}

@inproceedings{Roettger:2003:hwdvr,
 author = {Stefan Roettger and Stefan Guthe and Daniel Weiskopf and Thomas Ertl and Wolfgang Strasser},
 title = {Smart hardware-accelerated volume rendering},
 booktitle = {VISSYM '03: Proceedings of the symposium on Data visualisation 2003},
 year = {2003},
 isbn = {1-58113-698-6},
 pages = {231--238},
 location = {Grenoble, France},
 publisher = {Eurographics Association},
}

@Misc{oai:CiteSeerPSU:114309,
  title =        "A Disjoint Set Algorithm For The Watershed Transform",
  author =       "Arnold Meijster and Jos B. T. M. Roerdink",
  year =         "1998",
  month =        aug # "~25",
  citeseer-isreferencedby = "oai:CiteSeerPSU:9623;
                 oai:CiteSeerPSU:149271",
  citeseer-references = "oai:CiteSeerPSU:503784;
                 oai:CiteSeerPSU:466843",
  annote =       "The Pennsylvania State University CiteSeer Archives",
  language =     "en",
  oai =          "oai:CiteSeerPSU:114309",
  rights =       "unrestricted",
  subject =      "Arnold Meijster,Jos B. T. M. Roerdink A Disjoint Set
                 Algorithm For The Watershed Transform",
  URL =          "http://citeseer.ist.psu.edu/114309.html;
                 http://www.cs.rug.nl/~roe/psfiles/eusipco.ps.gz",
}
