@Internet{vista,
  name = "vista",
  key = "vista",
  title = "vista software environment for computer vision research",
  organization = "Tools for Medical Image Analysis",
  url= "http://sourceforge.net/project/showfiles.php?group_id=10180&package_id=10477"
}

@Internet{Wikipedia:API,
  name = "Wikipedia:API",
  key = "Wikipedia:API",
  title = "Wikipedia-Eintrag API",
  url= "http://de.wikipedia.org/wiki/Application_Programming_Interface",
}

@Internet{MIT:license,
  name = "MIT-Lizenz",
  key = "MIT-Lizenz",
  title = "The MIT License",
  organization = "The Open Source Initiative",
  url= "http://www.opensource.org/licenses/mit-license.php"
}

@Internet{mri,
  name = "The Basics of MRI",
  author = "Joseph P. Hornak",
  title = "The Basics of MRI",
  url= "http://www.cis.rit.edu/htbooks/mri/inside.htm"
}

@Internet{wikipedia:mri,
  name = "www.wikipedia.de",
  key = "Wikipedia",
  title = "Magnetresonanztomographie",
  url= "http://de.wikipedia.org/wiki/Magnetresonanztomografie",
  organization = "Wikipedia - die freie Enzyklopädie"
}

@Internet{nvidia,
  name = "www.nvidia.com",
  key = "nVidia",
  title = "NVIDIA Corporation",
  url= "http://www.nvidia.com",
  organization = "NVIDIA Corporation"
}

@Internet{ati,
  name = "www.ati.com",
  key = "ATI",
  title = "ATI Technologies Inc.",
  url= "http://www.ati.com",
  organization = "ATI Technologies Inc."
}

@Internet{sgi,
  name = "www.sgi.com",
  key = "SGI",
  title = "Silicon Graphics Inc.",
  url= "http://www.sgi.com",
  organization = "Silicon Graphics Inc."
}

@Internet{mesa,
  name = "www.mesa3d.org",
  key = "Mesa",
  title = "The Mesa 3-D graphics library",
  url= "http://www.mesa3d.org"
}

@Internet{boost:signal,
  name = "Boost C++ Signals",
  key = "boost::signals",
  title = "signals",
  organization = "The Boost C++ Libraries",
  url= "http://www.boost.org/doc/html/signals.html"
}


@Internet{boost:smartptr,
  name = "Boost C++ Smart Pointers",
  key = "boost::shared\_ptr",
  title = "shared\_ptr",
  organization = "The Boost C++ Libraries",
  url= "http://www.boost.org/libs/smart_ptr/shared_ptr.htm"
}

@Internet{volrender,
  name = "volume rendering",
  key = "volume rendering",
  title = "volume rendering",
  url= "http://www.vhml.org/theses/usher/node15.html"
}
